@Misc{android.com,
  author    = {Android},
  note      = {Zugriff am 29.11.2022},
  title     = {Der Einfluss von Android im Laufe der Jahre},
  url       = {https://www.android.com/intl/de_de/everyone/},
}

@Article{hrmoandroid,
  author    = {Hrmo, Richard},
  title     = {Android mobile media platform},
}

@InBook{meier_hello_android,
  author    = {Meier, Reto},
  chapter   = {Hello, Android},
  pages     = {3â€“4},
  publisher = {Wrox},
  title     = {Professional Android 4 Application Development},
  year      = {2012},
  isbn      = {1118102274},
}

@Misc{android_kotlin,
  author = {Android},
  month  = {Dez},
  note   = {Zugriff am 01.12.2022},
  title  = {Android's commitment to Kotlin},
  year   = {2019},
  url    = {https://android-developers.googleblog.com/2019/12/androids-commitment-to-kotlin.html},
}

@Misc{android_languages,
  author = {Android},
  note   = {Zugriff am 01.12.2022},
  title  = {11 Weeks of Android: Languages},
  url    = {https://android-developers.googleblog.com/2020/07/11-weeks-of-android-languages.html},
}

@Misc{developer.android.com/kotlin/first,
  author = {Android},
  note   = {Zugriff am 03.12.2022},
  title  = {Android's Kotlin-first approach : Android Developers},
  url    = {https://developer.android.com/kotlin/first},
}

@Misc{android_jetpack_ueberblick,
  author = {Android},
  month  = {Mai},
  note   = {Zugriff am 03.12.2022},
  title  = {Use Android Jetpack to Accelerate Your App Development},
  year   = {2018},
  url    = {https://android-developers.googleblog.com/2018/05/use-android-jetpack-to-accelerate-your.html},
}

@Misc{android_jetpack,
  author = {Android},
  note   = {Zugriff am 04.12.2022},
  title  = {Android Jetpack Dev Resources},
  url    = {https://developer.android.com/jetpack},
}

@Misc{androidx_ueberblick,
  author = {Android},
  note   = {Zugriff am 04.12.2022},
  title  = {AndroidX Overview},
  url    = {https://developer.android.com/jetpack/androidx},
}

@Misc{androidx_releases,
  author = {Android},
  note   = {Zugriff am 04.12.2022},
  title  = {AndroidX releases},
  url    = {https://developer.android.com/jetpack/androidx/versions},
}

@Misc{android_whats_new,
  author = {Android},
  month  = {Mai},
  note   = {Zugriff am 04.12.2022},
  title  = {Google I/O 2018: What's new in Android},
  year   = {2018},
  url    = {https://android-developers.googleblog.com/2018/05/google-io-2018-whats-new-in-android.html},
}

@Misc{android_studio,
  author = {Android},
  month  = {Mai},
  note   = {Zugriff am 04.12.2022},
  title  = {Android Studio: An IDE built for Android},
  year   = {2013},
  url    = {https://android-developers.googleblog.com/2013/05/android-studio-ide-built-for-android.html},
}
